4575 6075
400 661 452 723 292

396 819 468 878 tate
494 811 615 879 Ser—mi
638 813 852 900 Sigismundi
881 813 983 900 Regis
1006 812 1159 900 Augusti
1174 815 1285 898 (cuius
1316 814 1478 880 memoria
1504 814 1611 880 sitin
1645 812 1868 879 benedictioni

394 926 473 986 ante
510 921 636 987 multos
670 944 779 987 annos
821 921 871 986 illi
921 941 1081 987 concessa
1112 920 1264 1006 fuerunt,
1289 923 1342 987 his
1371 923 1469 997 iuxta
1491 922 1647 1010 diploma
1684 920 1751 985 sibi
1776 921 1868 985 datur

299 1027 305 1037 '
389 1016 445 1090 ita
470 1027 631 1115 deinceps
655 1027 801 1112 fruatur,
827 1035 866 1094 ut
889 1029 981 1114 quod
1006 1029 1037 1093 ei
1061 1029 1305 1095 detrimentum
1340 1028 1483 1095 allatum
1507 1036 1568 1110 est,
1602 1049 1666 1116 per
1695 1028 1812 1093 decem
1834 1048 1868 1091 an

394 1156 467 1217 nos,
493 1136 528 1199 id
551 1135 647 1201 M-tis
670 1135 757 1222 Reg.
796 1134 1030 1201 munificentia
1067 1137 1243 1203 sarciatur.
1289 1137 1416 1202 Totum
1452 1144 1571 1202 autem
1601 1134 1669 1200 hoe
1716 1133 1868 1218 negotiun

391 1241 475 1329 ipse,
502 1263 580 1308 cum
611 1243 700 1308 istuc
724 1244 866 1320 venerit,
906 1243 1061 1331 pluribus
1097 1243 1294 1331 explicabit.
1332 1243 1434 1310 Hunc
1472 1267 1492 1308 a
1528 1242 1619 1327 Mag.
1644 1242 1737 1307 D·ne
1760 1241 1868 1308 Vestra

393 1349 436 1414 de
461 1351 557 1439 cuius
580 1350 617 1415 in
641 1372 696 1418 me
719 1350 896 1439 praeclara
919 1351 1100 1418 voluntate
1123 1351 1236 1416 multa
1259 1351 1344 1416 mihi
1368 1350 1543 1439 polliceor,
1570 1349 1737 1414 maiorem
1760 1350 1794 1413 in
1813 1370 1868 1417 mo·

394 1457 591 1545 (lampeto,
617 1460 701 1526 velit
725 1482 801 1525 euni
827 1460 953 1526 habere
977 1461 1042 1526 sibi
1067 1461 1252 1547 diligenter
1275 1458 1552 1525 commendatum
1577 1464 1612 1524 et
1637 1455 1761 1542 quibus
1781 1457 1864 1527 inre·

394 1564 459 1629 bus
483 1588 583 1653 opem
608 1573 642 1633 et
666 1589 805 1654 operam
829 1552 920 1633 illius
953 1568 1200 1654 imploraverit,
1237 1588 1274 1634 se
1306 1566 1411 1631 talem
1434 1569 1597 1653 praestet,
1630 1570 1672 1628 ut
1702 1583 1769 1627 non
1787 1561 1858 1631 illum

391 1677 540 1751 tantum,
564 1695 685 1739 verum
709 1681 743 1739 et
765 1674 892 1741 liberos
916 1675 988 1740 eius
1013 1681 1048 1742 et
1070 1696 1124 1740 me
1148 1680 1316 1762 perpetuo
1340 1674 1406 1739 sibi
1429 1673 1609 1739 devinctos
1633 1669 1856 1755 haberequeat

391 1779 533 1845 Nullum
557 1782 622 1845 erit
646 1780 753 1846 officii
776 1788 812 1846 et
826 1782 981 1868 obsequii
1004 1803 1125 1869 genus,
1142 1783 1234 1866 quod
1249 1781 1401 1848 vicissim
1413 1779 1506 1867 Mag.
1521 1779 1657 1845 D-tioni
1671 1780 1801 1874 Vestrae
1812 1800 1855 1866 per

393 1908 529 1953 omnem
544 1888 757 1954 occasionem
782 1910 916 1953 summa
939 1911 1019 1954 cum
1042 1889 1223 1955 alacritate
1245 1911 1315 1954 non
1331 1890 1395 1953 sim
1410 1886 1650 1974 praestiturus,
1698 1884 1786 1964 Quod
1798 1886 1851 1952 reli·

393 2014 499 2078 quum
515 1999 576 2079 est,
602 2002 684 2081 opto
707 1994 799 2080 Mag.
825 1995 951 2062 D-nem
974 1996 1133 2062 Vestram
1150 1997 1211 2062 diu
1225 1997 1314 2062 benc
1333 1994 1549 2081 feliciterque
1572 1992 1699 2074 valere,
1722 1993 1867 2061 cujusne.

394 2100 500 2166 amori
524 2101 723 2187 dictumque
747 2100 890 2168 fratrem
914 2124 1029 2189 meum
1050 2124 1254 2191 causamque
1275 2103 1367 2168 illius
1390 2103 1516 2168 iterum
1540 2105 1642 2186 atque
1666 2100 1779 2166 iterum
1800 2098 1855 2163 dili-

393 2214 516 2294 genter
547 2210 760 2276 commendo.
794 2211 927 2277 Romae
949 2211 1005 2277 die
1028 2212 1110 2276 XX.
1132 2210 1314 2277 Februarii
1346 2207 1588 2275 MDLXXIX.

499 2313 591 2400 Mag.
615 2316 767 2382 D-tionis
790 2317 934 2384 Vestrae
957 2316 1101 2383 Amicus
1125 2318 1317 2404 obsequens
1342 2315 1438 2383 Stan.
1462 2312 1539 2382 Car.
1563 2315 1644 2379 Var.
1670 2336 1714 2379 m.
1737 2337 1766 2401 p.

396 2638 483 2708 282.
530 2637 587 2706 lan
611 2636 771 2724 Sprenflet
786 2637 968 2724 saturabis
982 2637 1123 2724 etbtaskl
1148 2638 1189 2707 do
1213 2637 1465 2725 zamoysuouo.
1499 2636 1640 2722 Elbleg,
1663 2637 1706 2702 aa
1730 2635 1763 2700 ΙΙ
1784 2633 1854 2698 rste

402 2850 458 2915 Od
476 2850 577 2929 ciceia
595 2851 792 2937 przybylego
814 2874 830 2916 2
864 2853 1052 2938 Warszawy
1085 2851 1281 2917 dorcr'edzial
1297 2852 1346 2933 ,τίς
1372 2875 1392 2916 o
1414 2851 1612 2931 tyczliwotci
1642 2849 1853 2936 Zamoyskiego.

612 2957 970 3046 Oprrujcsaczcgoloruo
992 2981 1061 3039 saco
1094 2967 1225 3046 sprauto
1256 2961 1413 3044 alonem
1450 2959 1683 3024 Bolemanem.

505 3156 574 3206 Bul.
592 3156 657 3206 Orat.
673 3157 778 3218 Zomoy.
795 3158 835 3219 pl.
855 3170 899 3216 152
918 3158 969 3207 Nr.
988 3171 1022 3206 12.
1046 3158 1209 3222 Orygt'nala
1219 3159 1323 3221 podpt's.
1339 3158 1505 3216 wlasnorecz.
1525 3160 1538 3205 i
1549 3158 1678 3205 adresem:
1699 3142 1754 3222 „Ill
1766 3148 1853 3214 sollu.

401 3241 485 3311 lane,
506 3242 583 3296 D-no
602 3242 700 3296 loanni
719 3242 867 3311 Zamoyslii
887 3242 976 3312 Regni
995 3242 1127 3297 Poloniac
1145 3242 1325 3311 cancellario,
1344 3259 1394 3297 ner
1413 3258 1467 3297 non
1486 3242 1619 3307 Belzeusi,
1648 3238 1806 3295 Knissinensi
1819 3232 1853 3288 D·

400 3330 591 3401 rriechensique
618 3330 779 3401 capitaneo,
807 3332 927 3386 Domino
946 3349 978 3385 ae
1007 3331 1128 3385 Patrono
1156 3348 1217 3386 meo
1244 3332 1366 3402 gratioso
1385 3347 1418 3386 ae
1436 3336 1569 3402 perpetua
1596 3330 1768 3386 observantia
1789 3324 1853 3382 colen·

399 3421 538 3477 dissim0.“

507 3599 655 3663 illustris
680 3622 719 3664 ae
743 3600 931 3686 Magnifice
954 3601 1111 3682 Domine,
1135 3601 1283 3666 Domino
1305 3599 1559 3684 gratiosissime.

507 3706 558 3771 Ill.
583 3706 675 3791 Mag.
700 3708 843 3772 Vestrae
866 3709 1105 3773 observantiae
1129 3714 1165 3773 et
1187 3707 1299 3772 cultus
1323 3708 1390 3773 mei
1403 3706 1623 3793 paratissima
1648 3705 1757 3771 studia
1769 3708 1816 3769 ca

507 3812 657 3877 Tametsi
680 3813 733 3878 111.
758 3814 849 3899 Mag.
874 3816 1017 3881 Vestrae
1039 3814 1255 3880 voluntatem
1279 3820 1314 3879 et
1345 3814 1598 3898 benignitatem
1626 3835 1709 3899 erga
1739 3832 1788 3876 me
1811 3804 1858 3869 sin·

402 3921 559 4004 gularem
583 3921 782 4007 iampridem
808 3944 844 3986 re
867 3922 942 4009 ipsa
963 3928 1181 4009 perspectam
1203 3920 1348 4016 babeam
1372 3921 1474 3987 etde
1496 3921 1640 3987 eandem
1671 3940 1770 4007 porro
1797 3904 1859 3979 mihi

402 4031 533 4116 optima
556 4030 672 4092 omnia
694 4030 864 4114 pollicear,
889 4037 1005 4094 tamen
1029 4030 1173 4093 eandem
1189 4034 1224 4092 et
1238 4050 1280 4092 ex
1293 4029 1413 4113 generi
1430 4028 1498 4095 mei
1516 4013 1684 4094 Varsovia
1707 4046 1803 4112 nuper
1821 4035 1862 4083 rss·

402 4140 492 4205 versi
516 4138 728 4203 sermonibus
753 4156 832 4201 cum
855 4134 1035 4222 voluptate
1058 4137 1253 4221 recognovi.
1301 4137 1422 4221 ltaque
1446 4135 1482 4200 in
1497 4136 1617 4202 eadem
1639 4155 1742 4221 porro
1756 4126 1863 4216 acquie-

404 4270 470 4324 sce,
506 4267 570 4311 nec
592 4246 723 4327 dubita
749 4245 833 4330 quin
856 4244 885 4306 si
917 4263 967 4326 ea,
993 4264 1081 4329 quae
1105 4244 1319 4330 expectanda
1351 4248 1386 4308 et
1413 4242 1584 4329 speranda
1609 4242 1741 4308 occasio
1762 4243 1811 4312 est,
1834 4244 1867 4293 ΒΘ

404 4330 542 4441 (luendo
566 4353 699 4434 offerat,
714 4350 765 4415 lll.
780 4350 874 4435 Mag.
889 4350 1013 4414 Vestra
1038 4350 1318 4434 benignissimam
1343 4370 1480 4435 quoquc
1493 4348 1647 4415 ciusdem
1663 4355 1697 4414 ot
1708 4344 1868 4435 promissae

403 4460 659 4526 munificentiae
673 4459 789 4544 regiae
805 4459 849 4522 sit
862 4457 1031 4522 rationem
1045 4456 1212 4521 habitura.
1224 4456 1367 4523 Interim
1383 4455 1583 4521 memoriam
1593 4455 1788 4521 meritorum
1796 4448 1868 4516 ilius

402 4577 502 4655 grata
526 4574 639 4632 mente
666 4566 812 4631 recolam
838 4572 873 4628 et
896 4563 1007 4649 quoad
1031 4564 1159 4645 vixere,
1185 4584 1388 4628 conservare
1410 4567 1446 4627 et
1467 4566 1639 4648 quantum
1657 4567 1868 4649 peteraprae‘

404 4685 493 4742 stare
517 4696 585 4739 non
609 4674 846 4739 intermittam.
893 4670 993 4736 Nune
1017 4671 1155 4757 quidem
1178 4670 1264 4735 illud
1279 4676 1413 4734 tantum
1436 4666 1586 4753 Illllag.
1602 4667 1747 4735 Vestrae
1760 4651 1868 4752 signifl

405 4784 552 4849 candum
576 4781 781 4860 existimavi,
807 4779 849 4845 de
872 4801 940 4863 quo
963 4770 999 4842 et
1022 4801 1064 4843 ex
1087 4799 1215 4864 genero
1231 4800 1306 4844 meo
1321 4776 1449 4843 Ioanne
1463 4775 1616 4842 Neodico
1639 4774 1791 4841 nonnihil
1811 4781 1868 4838 eat]

403 4892 478 4954 istic
502 4911 616 4954 coram
640 4887 844 4973 cognovisse
860 4894 952 4973 puto,
985 4885 1080 4949 litem
1119 4886 1203 4949 mihi
1228 4884 1403 4969 quandam
1427 4882 1671 4970 permolestam
1693 4904 1769 4948 curn
1792 4882 1868 4945 loen

406 5018 449 5060 ne
463 4996 675 5059 Belemauno
690 5016 762 5059 esse
778 4994 820 5057 de
843 4993 990 5079 quodam
1008 4992 1113 5077 ipsius
1142 4992 1380 5080 chirographo,
1396 5010 1463 5077 quo
1479 5012 1514 5055 se
1537 4990 1678 5055 nomine
1700 4988 1792 5075 Mag.
1807 4988 1868 5052 D·r
