4575 6075
1886 700 1908 753 ὦ

389 784 483 838 apocr.
504 776 589 822 XVII
603 792 634 825 w.
663 775 869 838 :nagloakirmz
901 771 1063 823 Vincentius
1093 770 1216 823 Imirous
1241 771 1395 841 Episcopus
1423 772 1632 842 Montisregmlis
1658 772 1692 824 al
1719 771 1758 823 ΙΙΙ.
1785 738 1891 839 W

390 860 598 913 Canceellarium.
1361 865 1365 873 '

394 630 445 681 ‘2⁴24

498 1038 645 1103 illustris
669 1047 703 1102 et
727 1036 914 1121 magnifice
939 1038 1094 1104 Domine⁴

498 1163 593 1243 Quae
616 1163 852 1248 delegatione
876 1186 896 1228 a
920 1162 1054 1229 Ser-mo
1078 1164 1175 1248 Rege
1200 1163 1367 1229 mittenda
1396 1166 1438 1229 ad
1462 1166 1713 1251 Imperatorem
1734 1132 1929 1262 seutiamfifi

392 1296 433 1338 cx
457 1273 579 1337 littoris
603 1273 687 1337 meis
703 1272 724 1350 ¹)
762 1270 806 1334 ad
829 1269 914 1355 Reg.
939 1269 1061 1335 lli-tem
1085 1277 1271 1356 cognoscet
1303 1272 1400 1336 D-tio
1423 1272 1546 1337 Vestra
1579 1271 1674 1357 Mag.
1709 1273 1783 1357 Ego
1810 1293 1868 1336 cer·
1885 1274 1915 1302 ²

391 1393 526 1445 tecum
563 1379 664 1467 plane
700 1377 893 1463 intelligam
931 1378 965 1443 id
999 1377 1131 1443 Ser-mo
1155 1378 1305 1443 Domino
1328 1378 1454 1444 Nostro
1484 1378 1655 1444 maximae
1679 1400 1782 1443 curae
1803 1400 1874 1454 esse,
1920 1400 1930 1422 ⁴

391 1487 432 1551 ad
458 1508 593 1552 omnem
618 1487 753 1570 negocii
775 1483 982 1551 conficiendi
1005 1487 1217 1551 occasionem
1241 1485 1395 1550 intentus
1418 1492 1553 1573 tempus
1585 1487 1651 1552 hoc
1674 1486 1703 1549 si
1728 1485 1795 1551 alio
1823 1507 1878 1550 uu·

392 1615 495 1679 quam
520 1594 561 1657 ad
587 1594 622 1657 id
646 1602 940 1681 poropportunum
963 1592 1086 1657 iudico.
1133 1594 1225 1658 Nam
1246 1592 1437 1659 Turcarum
1450 1594 1615 1682 Princeps
1629 1595 1735 1659 motis
1759 1595 1795 1658 in
1808 1593 1880 1659 Per·

392 1724 445 1765 sas
469 1703 572 1765 armis
594 1702 695 1784 gravi
717 1708 753 1765 et
776 1701 939 1765 diuturno
963 1700 1053 1765 bollo
1077 1701 1272 1786 implicatus
1296 1700 1512 1787 Hungariam
1549 1709 1655 1788 atque
1678 1700 1885 1787 Transylva·

390 1809 483 1873 niam
506 1809 599 1872 omni
623 1815 752 1873 terrore
775 1807 935 1873 libera-sse
957 1807 1104 1873 videtur.
1153 1805 1249 1885 Quae
1272 1809 1386 1872 omnia
1417 1829 1496 1873 cum
1519 1830 1590 1874 non
1612 1807 1773 1873 dubitem
1796 1807 1886 1893 Mag.

392 1916 520 1981 D·nem
542 1914 700 1980 Vestram
723 1914 896 2001 profundo
920 1936 988 2000 quo
1010 1914 1117 2001 pollet
1151 1937 1265 1980 rerum
1290 1918 1367 1980 visu
1399 1918 1537 2002 penitus
1569 1916 1810 2001 introspicere,
1848 1916 1889 1982 ab

391 2044 426 2086 se
450 2023 614 2088 maiorem
645 2024 681 2086 in
705 2022 844 2086 modum
868 2029 959 2108 peto,
997 2029 1037 2087 ut
1059 2024 1173 2106 gratia
1196 2030 1229 2086 et
1253 2023 1459 2088 auctoritate
1493 2044 1651 2088 suarem
1684 2031 1891 2108 promoveat

390 2130 470 2193 huic
492 2129 616 2212 Regno
653 2135 688 2193 et
709 2130 774 2193 toti
798 2129 1005 2195 christianae
1028 2127 1173 2215 Reipub.
1197 2128 1391 2195 salutarem.
1415 2128 1458 2194 Ιη
1477 2151 1545 2215 qua
1569 2127 1736 2210 curanda,
1762 2150 1807 2194 ne
1822 2128 1892 2194 ulla

392 2257 544 2321 unquam
581 2236 813 2320 negligentiae
849 2244 932 2301 nota
962 2236 1050 2320 mihi
1080 2235 1172 2300 inuri
1196 2236 1332 2322 pressit,
1370 2236 1430 2301 det
1461 2257 1588 2321 quaeso
1620 2256 1768 2322 operam
1790 2234 1893 2300 Mea

393 2342 523 2422 Vestra,
556 2349 596 2406 ut
619 2343 661 2408 ad
687 2365 780 2408 meas
805 2343 888 2426 Rog.
919 2342 1025 2406 lii-tas
1048 2341 1281 2429 particulatim
1305 2341 1510 2429 respondere
1547 2343 1723 2428 dignetur.
1772 2342 1892 2408 Faciet

390 2449 546 2534 profecto
570 2449 670 2515 Maia
693 2449 816 2513 Vestra
839 2470 1004 2535 perquam
1027 2450 1112 2513 mihi
1133 2467 1208 2513 rem
1231 2456 1368 2534 gratam
1391 2456 1427 2515 et
1444 2448 1573 2514 mutuis
1587 2447 1714 2514 officiis
1730 2470 1893 2536 compen·

392 2556 541 2623 sandam.
566 2555 783 2621 Fasciculum
807 2556 909 2621 R-mo
934 2555 1134 2622 Coadiutori
1153 2556 1306 2622 Vilnensi
1339 2558 1544 2643 inscriptum
1566 2556 1610 2621 de
1634 2555 1782 2621 meliore
1809 2566 1892 2621 nota

391 2663 592 2729 commendo
616 2662 706 2747 Mag.
732 2663 866 2728 D-tioni
889 2663 1042 2745 Vestrae,
1066 2684 1171 2748 quam
1194 2664 1296 2749 cupio
1311 2663 1503 2728 diutissime
1517 2662 1630 2728 valere
1645 2662 1798 2728 felicem.
1824 2664 1892 2729 Da·

391 2781 465 2833 tum
493 2769 676 2835 Varsoviae
711 2771 767 2835 die
791 2768 842 2833 IV
866 2769 957 2835 Iunii
981 2769 1257 2834 MDLXXVIII.

497 2876 619 2940 lli-tiae
637 2876 779 2941 Vestrae
794 2876 1061 2940 studiosissimus
1077 2885 1111 2941 ot
1135 2876 1365 2940 deditissimus
1384 2875 1584 2941 Vincentius
1607 2875 1770 2943 Laurens
1793 2877 1893 2963 Epis-

392 3005 496 3069 copus
511 2983 766 3069 Montisregalis
781 2982 812 3048 N
816 2986 935 3050 uncius
960 2982 1187 3070 Apostolicus.

500 3159 535 3245 ¹),
562 3182 584 3230 O
602 3181 641 3245 ἰν]
651 3183 873 3244 karespondencyt'
881 3191 942 3245 por.
961 3178 1167 3242 Wierzbowski,
1181 3179 1217 3231 V.
1234 3178 1349 3242 laurio,
1365 3179 1499 3232 Varsovic
1516 3178 1591 3231 1877,
1605 3187 1657 3233 str.
1673 3192 1727 3246 212.

392 3519 463 3588 212.
510 3519 657 3588 waclaw
682 3518 887 3594 uhrowtockt
911 3519 952 3587 do
977 3517 1222 3603 lamoyskieao.
1500 3516 1618 3600 Sidae,
1646 3518 1689 3581 14
1715 3517 1769 3582 VI
1795 3521 1893 3584 1578.

393 3717 526 3780 Donosi'
547 3739 565 3779 0
589 3692 794 3780 rczrrzomr'ea
822 3716 1044 3779 Goslomskim
1060 3715 1283 3779 corsicanam
1317 3715 1586 3779 sochaczcwsktm
1611 3713 1627 3776 i
1649 3717 1810 3800 prccsyh
1844 3719 1895 3799 jc·

386 3845 431 3907 go
451 3823 509 3886 lr'sl
521 3823 601 3905 (Nr.
620 3845 660 3887 20
662 3827 707 3907 5).
754 3822 895 3886 Prosio
919 3822 1164 3907 potrcdm'ctwo
1187 3844 1216 3885 w
1238 3821 1382 3906 sprawic
1415 3821 1564 3904 sqdotoq‘
1590 3842 1606 3884 z
1645 3822 1900 3886 Ossoliriski'mi

1079 3929 1210 4014 cdl-ug.

497 4146 566 4194 Bi'bl.
586 4146 648 4193 ord.
665 4147 771 4208 Ζανηογ.
787 4146 827 4207 pl.
847 4158 900 4207 133,
919 4144 970 4192 ΛΤ.
990 4159 1008 4194 1.
1032 4144 1169 4209 Orygi'nal
1182 4146 1377 4207 wlasmrscsny
1396 4160 1409 4190 a
1423 4143 1558 4206 prrczqtkq
1572 4145 1585 4188 ι’
1601 4142 1732 4193 cdresem:
1749 4140 1897 4207 „annu

392 4231 469 4284 Panu
499 4230 576 4284 Pano
591 4231 699 4297 Juncwj
720 4230 933 4295 Zamojskiemu,
957 4229 1171 4295 Kanczliorzoirj
1203 4235 1391 4293 Korouneoru,
1414 4228 1561 4282 staroscaic
1584 4227 1748 4282 Bolakiemu
1776 4230 1899 4298 Kaisia-

390 4320 496 4373 skieiuu
512 4319 703 4384 Zameslriemu
722 4326 783 4383 cto,
804 4336 893 4372 uicum
912 4322 1070 4372 mcziivemu
1091 4335 1165 4389 panu
1181 4336 1198 4386 y
1214 4317 1317 4372 brethu
1331 4321 1367 4386 ¹)“

497 4518 588 4602 Wriy
612 4518 711 4603 panio
735 4516 840 4581 Panic
864 4538 968 4602 mnyc
993 4518 1130 4581 nicasio
1154 4515 1303 4601 laskawj.

495 4624 566 4688 JM.
592 4646 659 4710 pao
684 4624 937 4707 Sorhaczewskj
964 4622 1077 4687 ruowil
1101 4646 1138 4687 ae
1159 4644 1239 4705 mna
1253 4622 1412 4707 nyemalo
1436 4623 1506 4704 the,
1531 4644 1589 4688 czo
1603 4622 1650 4687 ku
1666 4631 1902 4710 przcstrodzo

391 4730 482 4793 WM.
508 4753 622 4814 swego
646 4733 830 4815 mcziwego
867 4753 956 4817 pana.
980 4729 1154 4801 rozumial,
1192 4730 1272 4793 bom
1293 4731 1340 4814 ja,
1379 4731 1507 4817 polrym
1531 4730 1615 4795 thal(
1652 4735 1902 4823 ratrudniony

391 4837 527 4909 nichil,
551 4838 772 4902 sarucmbicz
797 4860 818 4900 u
843 4837 935 4902 ΨΜ.
961 4859 1048 4923 puna
1075 4859 1174 4922 mogo
1199 4840 1383 4922 mcziwego
1407 4840 1496 4903 mia-l.
1543 4837 1610 4904 Cao
1633 4839 1680 4904 iss
1700 4842 1753 4905 mi
1780 4845 1833 4928 sie
1855 4848 1902 4911 do

390 4954 470 5027 tego
495 4965 594 5007 czasu
632 4947 687 5009 nio
711 4943 826 5024 suedo,
862 4945 940 5008 bom
972 4967 1032 5029 ym
1072 4945 1173 5008 dalioi
1208 4946 1304 5010 thom
1337 4945 1587 5030 zatrudnieiszj,
1623 4948 1775 5031 pmetlro
1805 4951 1902 5018 wll.
