4575 6075
1777 701 1829 755 ‘293

326 835 520 905 Castellani
541 839 750 925 Ravensis1)
774 843 818 908 ad
842 851 956 910 certae
979 844 1144 930 pecuniae
1178 866 1198 908 a
1235 865 1288 908 me
1313 847 1433 907 mutuo
1471 853 1627 931 sumptae
1660 867 1826 909 summam

327 945 585 1032 exsolvendam,
611 948 713 1014 simul
738 957 842 1036 atque
865 950 1107 1038 frumenta‘ab
1131 949 1191 1016 illo
1215 952 1319 1015 missa
1343 950 1562 1028 vendidisset,
1583 953 1672 1017 bena
1697 951 1767 1018 lide
1794 961 1828 1015 et

329 1052 406 1118 sine
428 1057 524 1121 omni
547 1055 671 1123 fraude
693 1055 873 1144 obligavit.
919 1056 1008 1122 Eam
1030 1078 1114 1121 vero
1138 1056 1345 1122 solutionem
1370 1054 1553 1122 frumentis
1578 1059 1647 1124 iam
1673 1059 1827 1124 divendi·

329 1160 375 1224 tia
394 1168 430 1226 et
452 1163 600 1250 pecunia
624 1169 764 1251 accepta
787 1185 856 1230 non
879 1166 1061 1252 praestitit,
1086 1165 1144 1231 sed
1169 1165 1403 1231 venditionem
1429 1185 1564 1250 quoque
1578 1167 1613 1231 in
1630 1166 1830 1231 universum

328 1270 591 1354 tergiversando
613 1271 757 1360 negarit
780 1273 960 1359 tantisper,
985 1273 1067 1338 dum
1092 1272 1198 1359 ipsius
1223 1272 1385 1359 emptoris
1419 1272 1615 1337 testimonio
1648 1280 1682 1338 et
1705 1272 1829 1337 litteris

330 1376 603 1444 convinceretur.
650 1380 705 1445 Ao
732 1378 814 1446 licet
850 1379 975 1444 iterum
1000 1381 1195 1466 iterumque
1227 1400 1289 1466 per
1320 1379 1481 1443 honestos
1513 1379 1606 1444 viros
1639 1379 1744 1445 debiti
1770 1381 1828 1443 ad-

329 1491 537 1566 moneretur,
561 1483 647 1550 nihil
670 1492 786 1550 tamen
809 1486 989 1572 praestitit.
1036 1484 1265 1564 Quamobrem
1288 1484 1632 1568 tergiversationibus
1666 1495 1701 1552 et
1735 1486 1828 1552 ealli-

330 1586 442 1654 ditate
471 1589 565 1656 illius
579 1592 714 1679 saepius
730 1592 879 1674 delusus,
895 1592 1034 1658 tandem
1058 1615 1101 1657 ne
1115 1592 1224 1657 debiti
1237 1612 1375 1678 prorsus
1390 1592 1539 1660 incertus
1564 1615 1682 1676 essem,
1706 1593 1829 1658 indivis

330 1693 450 1761 officio
473 1718 647 1784 causaque
678 1700 879 1764 summatim
917 1698 1073 1787 exposit-a
1106 1700 1301 1786 implorat-0,
1348 1700 1478 1765 cineres
1511 1700 1613 1783 illius,
1651 1723 1736 1787 quos
1774 1700 1829 1763 bie

329 1800 493 1888 habebat,
541 1805 805 1891 sequestrandos
851 1807 978 1880 curavi,
1020 1806 1129 1873 donec
1169 1805 1225 1872 vel
1258 1806 1443 1871 satisdaret
1478 1805 1533 1871 vel
1569 1808 1737 1894 promissa
1774 1828 1829 1871 ex·

328 1907 491 1977 solveret.
538 1908 637 1990 Quod
674 1923 710 1979 et
744 1914 858 2000 ipsum
895 1912 953 1978 ille
994 1934 1071 1977 cum
1109 1913 1221 1998 magis
1260 1913 1437 1999 magisque
1474 1913 1578 1978 dubia
1615 1934 1675 2000 spe
1697 1920 1829 2000 protra-

325 2012 447 2083 hendo
483 2019 685 2104 negligeret,
712 2027 752 2084 nt
788 2020 862 2085 iure
899 2021 1208 2106 sequestrationem
1246 2020 1384 2084 demum
1421 2041 1652 2106 prosequerer,
1695 2041 1830 2086 neeesse

326 2117 410 2188 fuir.
457 2123 582 2212 Itaque
612 2126 650 2191 in
682 2128 734 2192 ius
767 2126 866 2193 illum
908 2127 1050 2192 citatum
1094 2126 1242 2192 termino
1283 2127 1512 2214 peremptorio
1549 2127 1737 2193 constitute
1774 2149 1830 2192 vo·

326 2232 419 2295 cavi.
464 2231 594 2299 Verum
616 2239 652 2299 at
673 2233 786 2301 indice
818 2233 895 2321 loci,
929 2235 991 2300 ubi
1018 2235 1148 2300 eineres
1176 2236 1383 2321 sequestrati
1413 2243 1503 2320 sunt,
1544 2242 1578 2301 et
1606 2236 1730 2302 iudicio
1753 2251 1830 2300 con·-

327 2337 516 2405 tumaciter
552 2346 667 2427 spreto
704 2341 748 2406 ad
786 2342 917 2408 dictum
955 2342 1046 2408 diem
1080 2365 1150 2408 non
1183 2344 1382 2429 comparuit,
1406 2343 1573 2431 postridie
1610 2342 1729 2409 saltem
1758 2344 1830 2408 eius

332 2437 409 2508 diei
450 2465 511 2532 per
546 2446 679 2513 litteras
721 2432 835 2514 forum
877 2449 1048 2516 declinare
1072 2450 1230 2524 tentavit
1259 2458 1469 2538 quapropter
1505 2453 1541 2517 in
1578 2452 1831 2518 contumaciam

338 2551 585 2618 condemnatus
616 2552 685 2620 fuit
716 2563 752 2620 et
788 2557 955 2622 terminus
989 2545 1076 2620 alius
1100 2556 1143 2627 ad
1176 2557 1321 2622 eandem
1344 2559 1563 2644 purgandam
1596 2556 1830 2624 inferendum-

341 2669 411 2734 que
429 2657 454 2722 si
475 2661 569 2745 quod
591 2660 736 2728 haberet
758 2662 954 2748 legitimum
987 2664 1272 2750 impedimentum
1296 2665 1408 2730 datus.
1457 2665 1513 2730 Ad
1537 2687 1615 2730 eum
1639 2687 1718 2731 cum
1741 2685 1831 2731 com·

349 2771 476 2838 naeres
504 2767 656 2852 quidem,
693 2770 754 2836 sed
794 2792 856 2840 nec
887 2770 1082 2855 legitimum
1113 2771 1398 2858 impedimentum
1437 2772 1545 2837 ullum
1583 2771 1730 2857 afferret,
1770 2793 1831 2835 nec

358 2863 396 2928 ad
414 2873 511 2956 petita
533 2877 768 2962 responderet,
792 2877 987 2965 exceptioni
1010 2884 1145 2943 tantum
1170 2864 1250 2943 suae
1274 2879 1424 2943 innitens
1448 2885 1483 2945 et
1506 2879 1635 2944 cineres
1659 2901 1701 2944 ex
1716 2899 1831 2963 seque

364 2975 419 3041 stro
435 2977 567 3049 liberari
588 2989 721 3073 petens,
744 3005 799 3051 res
821 3005 884 3073 per
907 2984 1174 3073 appellationem
1197 2985 1440 3072 interpositam
1464 2986 1505 3053 ad
1530 2985 1771 3070 Magistratum
1797 2986 1831 3050 in

369 3086 485 3153 munda
505 3087 673 3156 instantia
696 3091 861 3158 devoluta
875 3094 952 3171 fuit,
976 3093 1123 3158 termino
1146 3094 1404 3180 prosequendae
1423 3092 1647 3180 appellationi
1662 3113 1724 3179 pro
1739 3113 1832 3157 more

359 3196 521 3264 audituro
561 3200 673 3287 prima
709 3207 848 3267 senatus
885 3200 1042 3265 sessione.
1080 3200 1192 3278 Quam
1224 3180 1259 3263 et
1282 3200 1392 3287 ipsam
1431 3198 1487 3264 ille
1510 3200 1648 3264 tametsi
1673 3200 1774 3263 sciret
1797 3205 1831 3263 et

344 3300 543 3371 00nstituere
578 3314 835 3393 procuratorem
873 3314 999 3394 posset,
1039 3307 1164 3371 iterum
1203 3311 1320 3370 tamen
1352 3312 1479 3373 temere
1516 3307 1833 3390 contumaciterque

316 3402 468 3475 sprevit
488 3417 524 3477 et
547 3412 637 3479 clam
658 3413 741 3480 hinc
763 3415 836 3480 sive
859 3415 896 3479 in
920 3415 1044 3497 aulam,
1069 3414 1161 3499 (quod
1185 3434 1267 3500 prae
1291 3435 1327 3478 se
1351 3412 1441 3479 serre
1464 3416 1559 3479 visus
1584 3419 1645 3496 est,
1670 3414 1742 3479 sive
1765 3413 1832 3477 alio

292 3500 378 3563 ⁸0
408 3520 532 3606 recepit.
579 3518 747 3598 Quocirca
769 3527 805 3586 et
827 3521 863 3587 in
886 3523 1037 3589 secunda
1060 3522 1227 3586 instantia
1251 3519 1384 3605 absens,
1409 3543 1487 3587 cum
1502 3521 1540 3585 in
1562 3527 1673 3586 totam
1695 3541 1831 3584 eairsam

274 3600 463 3708 DQsat,
482 3610 535 3692 'in
572 3630 826 3695 contumaciam
864 3638 915 3694 est
952 3630 1203 3694 condemnatus
1229 3629 1409 3713 dictusque
1446 3629 1497 3693 illi
1535 3627 1622 3692 alius
1659 3626 1740 3708 dies,
1765 3647 1833 3710 quo

274 3815 276 3819 Ι
392 3748 435 3797 am
454 3734 508 3800 vel
530 3741 668 3821 purget,
692 3735 750 3802 vel
773 3744 913 3802 senatus
937 3736 1145 3801 sententiam
1170 3736 1212 3799 de
1236 3756 1285 3809 ee,
1304 3736 1394 3819 quod
1413 3735 1495 3800 iuris
1510 3742 1572 3817 est,
1587 3755 1689 3821 perro
1714 3755 1833 3820 expec-

292 3826 406 3931 ῗῒ.
442 3838 542 3923 Quod
574 3840 617 3906 ad
649 3841 704 3907 Ill.
736 3840 829 3929 Mag.
854 3842 1014 3908 Vestram
1047 3850 1231 3929 propterea
1255 3841 1541 3928 'perscribendum
1565 3840 1770 3923 existimavi,
1796 3846 1834 3903 ut

274 3923 358 3992 '²1
400 3940 476 4013 ferte
499 3949 537 4014 iu
560 3947 639 4013 aula
661 3948 718 4014 vel
740 3948 814 4036 ipse
836 3949 891 4014 vel
916 3951 1055 4014 nomine
1078 3951 1186 4036 ipsius
1221 3950 1391 4035 quispiam
1424 3971 1520 4014 secus
1551 3948 1721 4013 narrando
1753 3948 1833 4031 quid

274 4040 643 4137 'meeiudicium
667 4076 793 4121 causae
816 4061 851 4120 et
880 4055 1029 4141 legitimi
1065 4056 1270 4121 iudiciorum
1309 4056 1437 4121 ordinis
1475 4055 1645 4136 moliatur,
1679 4061 1835 4120 constare

274 4133 349 4209 D
359 4157 454 4241 uait,
478 4180 548 4247 quo
570 4167 675 4247 pacto
704 4182 759 4227 res
787 4160 844 4227 hic
868 4164 978 4228 omnis
1004 4168 1081 4227 aeta
1106 4162 1220 4227 fuerit.
1268 4161 1419 4227 Tametsi
1449 4184 1531 4227 vero
1555 4162 1612 4228 ille
1635 4167 1736 4249 pacta
1759 4184 1835 4248 per·

276 4240 449 4341 ³SNttna,
489 4273 622 4353 urgeat,
668 4264 756 4353 quae
801 4270 961 4335 arrestari
1008 4289 1205 4353 quenquam
1238 4274 1367 4350 vetent,
1402 4269 1511 4333 sicubi
1545 4270 1581 4333 in
1626 4267 1720 4350 locis,
1767 4290 1834 4355 quo

305 4360 473 4453 Qlurdat,
504 4374 674 4441 instantia
709 4375 858 4440 obtineri
903 4376 1020 4461 possit,
1069 4385 1185 4443 tamen
1231 4397 1309 4440 cum
1347 4383 1382 4440 et
1424 4383 1525 4462 pacta
1563 4382 1597 4441 et
1633 4376 1727 4461 leges
1765 4399 1834 4440 om·

325 4472 404 4537 ¹¹0⁸
436 4478 564 4547 bonam
599 4478 707 4547 tidem
731 4482 768 4547 in
792 4484 1028 4548 contractibus
1062 4483 1269 4560 desiderent,
1303 4504 1367 4548 nec
1403 4481 1583 4547 fraudibus
1620 4485 1836 4569 patrocinen-

344 4573 408 4667 tur,
433 4608 495 4655 nec
525 4588 786 4675 decipientibus,
825 4591 883 4655 sed
923 4590 1075 4677 deceptis
1100 4591 1317 4672 subveniant,
1341 4591 1399 4655 ille
1423 4611 1505 4656 vero
1529 4592 1620 4655 mala
1643 4590 1715 4655 lide
1735 4612 1836 4674 agen-

352 4678 392 4753 (10
420 4715 452 4759 aa
488 4700 688 4782 suspectum
734 4695 932 4769 reddiderit.
979 4702 1099 4760 eontra
1147 4717 1246 4781 quem
1290 4696 1384 4781 leges
1432 4699 1738 4781 sequestrationem
1777 4697 1835 4761 ad-

361 4797 490 4885 mittunt,
515 4822 615 4890 spero
639 4802 739 4867 illum
762 4802 828 4867 hoc
851 4803 997 4885 nomine,
1022 4824 1089 4887 quo
1121 4823 1155 4868 se
1188 4809 1336 4885 tueatur,
1362 4826 1432 4868 non
1468 4804 1601 4869 habere.
1649 4804 1762 4885 Quam
1786 4811 1837 4868 ta·

274 4950 276 4963 .
358 4918 419 4973 meu
438 4930 513 4975 rem
535 4907 590 4974 Ill.
613 4908 706 4994 Mag.
732 4909 874 4975 Vestrae
899 4909 1026 4975 iudicio
1050 4910 1182 4976 subicio
1216 4918 1320 4996 atque
1345 4932 1414 4992 ore,
1432 4917 1471 4975 ut
1486 4911 1514 4975 si
1538 4911 1620 4996 quid
1644 4911 1723 4975 istic
1746 4914 1835 4997 apud

354 5010 476 5104 tlleg.
501 5018 620 5084 litem
653 5024 820 5098 occurrat,
850 5016 1099 5104 benignissima
1133 5002 1229 5082 illius'
1258 5028 1291 5083 et
1326 5017 1432 5083 oflicii
1470 5020 1539 5083 mei
1570 5017 1662 5105 Mag.
1687 5018 1836 5083 Domino
